@ARTICLE{BA,
	author = "F. Barahona and R. Anbil",
 	title = "The Volume algorithm: producing primal solutions
with a subgradient method",
	journal = "Mathematical Programming",
      year = 2000,
   volume = "87",
   pages = "385--399",
}
@TECHREPORT{BA2,
	author = "F. Barahona and R. Anbil",
 	title = "On some difficult linear programs coming from 
set partitioning",
	institution = "IBM, T. J. Watson Research Center",
      year = 1999,
   type = "Research Report",
   number = "RC 21410",
}
